<?xml version="1.0" encoding="UTF-8"?><collection xmlns="http://www.loc.gov/MARC21/slim"><record><leader>00501nam--2200157-i-4500</leader><controlfield tag="001">000010469</controlfield><controlfield tag="002">20161230</controlfield><controlfield tag="005">20170224001131</controlfield><controlfield tag="008">060222s1000------------r-----000-0-eng-d</controlfield><datafield ind1=" " ind2=" " tag="100"><subfield code="a">Dumitrescu, Liviu</subfield></datafield><datafield ind1=" " ind2=" " tag="245"><subfield code="a">Statii de pompare si de hidrofor pentru asamblari de cladiri civile si industriale</subfield></datafield><datafield ind1=" " ind2=" " tag="260"><subfield code="a">Bucuresti</subfield><subfield code="b">Centru De Documentare Pentru Constructii, Arhitecutra Si Sistematizare</subfield><subfield code="c">1971</subfield></datafield><datafield ind1=" " ind2=" " tag="300"><subfield code="a">36 p</subfield></datafield><datafield ind1=" " ind2=" " tag="490"><subfield code="a">Sinteza Documentara</subfield></datafield><datafield ind1=" " ind2=" " tag="852"><subfield code="a">626</subfield></datafield><datafield ind1=" " ind2=" " tag="CAT"><subfield code="a">SYS</subfield><subfield code="c">20170224</subfield><subfield code="h">001131</subfield></datafield></record></collection>